@article{leyton2008essentials,
  title={Essentials of game theory: A concise multidisciplinary introduction},
  author={Leyton-Brown, Kevin and Shoham, Yoav},
  journal={Synthesis lectures on artificial intelligence and machine learning},
  volume={2},
  number={1},
  pages={1--88},
  year={2008},
  publisher={Morgan \& Claypool Publishers}
}

@article{bolt2019bayesian,
  title={Bayesian open games},
  author={Bolt, Joe and Hedges, Jules and Zahn, Philipp},
  journal={arXiv preprint arXiv:1910.03656},
  year={2019}
}

@article{capucci2021towards,
  title={Towards foundations of categorical cybernetics},
  author={Capucci, Matteo and Gavranovi{\'c}, Bruno and Hedges, Jules and Rischel, Eigil Fjeldgren},
  journal={arXiv preprint arXiv:2105.06332},
  year={2021}
}

@article{streufert2021category,
  title={A Category for Extensive-Form Games},
  author={Streufert, Peter A},
  journal={arXiv preprint arXiv:2105.11398},
  year={2021}
}

@book{fudenberg1998theory,
  title={The theory of learning in games},
  author={Fudenberg, Drew and Levine, David K},
  volume={2},
  year={1998},
  publisher={MIT press}
}

@article{escardo2010selection,
  title={Selection functions, bar recursion and backward induction},
  author={Escard{\'o}, Martin and Oliva, Paulo},
  journal={Mathematical structures in computer science},
  volume={20},
  number={2},
  pages={127--168},
  year={2010},
  publisher={Cambridge University Press}
}

@inproceedings{ghani2018compositional,
  title={Compositional game theory},
  author={Ghani, Neil and Hedges, Jules and Winschel, Viktor and Zahn, Philipp},
  booktitle={Proceedings of the 33rd Annual ACM/IEEE Symposium on Logic in Computer Science},
  pages={472--481},
  year={2018}
}

@article{escardo2015bar,
  title={Bar recursion and products of selection functions},
  author={Escard{\'o}, Mart{\'\i}n and Oliva, Paulo},
  journal={The Journal of Symbolic Logic},
  volume={80},
  number={1},
  pages={1--28},
  year={2015},
  publisher={Cambridge University Press}
}
